%% This BibTeX bibliography file was created using BibDesk.
%% http://bibdesk.sourceforge.net/

%% Saved with string encoding Unicode (UTF-8) 

@article{bergstra1984process,
  title={Process algebra for synchronous communication},
  author={Bergstra, Jan A and Klop, Jan Willem},
  journal={Information and control},
  volume={60},
  number={1-3},
  pages={109--137},
  year={1984},
  publisher={Elsevier}
}

@article{gibbons2009essence,
  title={The essence of the iterator pattern},
  author={Gibbons, Jeremy and Oliveira, Bruno C d S},
  journal={Journal of Functional Programming},
  volume={19},
  number={3-4},
  pages={377--402},
  year={2009},
  publisher={Cambridge Univ Press}
}

@article{kiselyov2012iteratees,
  title={Iteratees},
  author={Kiselyov, Oleg},
  journal={Functional and Logic Programming},
  pages={166--181},
  year={2012},
  publisher={Springer}
}

@article{meijer2012your,
  title={Your mouse is a database},
  author={Meijer, Erik},
  journal={Queue},
  volume={10},
  number={3},
  pages={20},
  year={2012},
  publisher={ACM}
}

@article{laney20013d,
  title={3D data management: Controlling data volume, velocity and variety},
  author={Laney, Doug},
  journal={META Group Research Note},
  volume={6},
  pages={70},
  year={2001}
}

@article{bainomugisha2013survey,
  title={A survey on reactive programming},
  author={Bainomugisha, Engineer and Carreton, Andoni Lombide and Cutsem, Tom van and Mostinckx, Stijn and Meuter, Wolfgang de},
  journal={ACM Computing Surveys (CSUR)},
  volume={45},
  number={4},
  pages={52},
  year={2013},
  publisher={ACM}
}

@article{berry1991reactive,
  title={The synchronous approach to reactive and real-time systems},
  author={Benveniste, Albert and Berry, G{\'e}rard},
  journal={Proceedings of the IEEE},
  volume={79},
  number={9},
  pages={1270--1282},
  year={1991},
  publisher={IEEE}
}

@article{meijer2015spicing,
  title={Spicing up dart with side effects},
  author={Meijer, Erik and Millikin, Kevin and Bracha, Gilad},
  journal={Queue},
  volume={13},
  number={3},
  pages={40},
  year={2015},
  publisher={ACM}
}

@inproceedings{edwards2009coherent,
  title={Coherent reaction},
  author={Edwards, Jonathan},
  booktitle={Proceedings of the 24th ACM SIGPLAN conference companion on Object oriented programming systems languages and applications},
  pages={925--932},
  year={2009},
  organization={ACM}
}

@inproceedings{meijer2010observable,
  title={{Subject/Observer is Dual to Iterator}},
  author={Meijer, Erik},
  booktitle={FIT: Fun Ideas and Thoughts at the Conference on Programming Language Design and Implementation},
  year={2010}
}

@inproceedings{elliott1997functional,
  title={Functional reactive animation},
  author={Elliott, Conal and Hudak, Paul},
  booktitle={ACM SIGPLAN Notices},
  volume={32},
  number={8},
  pages={263--273},
  year={1997},
  organization={ACM}
}

@inproceedings{jeffrey2012ltl,
  title={LTL types FRP: linear-time temporal logic propositions as types, proofs as functional reactive programs},
  author={Jeffrey, Alan},
  booktitle={Proceedings of the sixth workshop on Programming languages meets program verification},
  pages={49--60},
  year={2012},
  organization={ACM}
}

@incollection{shanahan1999event,
  title={The event calculus explained},
  author={Shanahan, Murray},
  booktitle={Artificial intelligence today},
  pages={409--430},
  year={1999},
  publisher={Springer}
}

@incollection{fahland2009declarative,
  title={Declarative versus imperative process modeling languages: The issue of understandability},
  author={Fahland, Dirk and L{\"u}bke, Daniel and Mendling, Jan and Reijers, Hajo and Weber, Barbara and Weidlich, Matthias and Zugal, Stefan},
  booktitle={Enterprise, Business-Process and Information Systems Modeling},
  pages={353--366},
  year={2009},
  publisher={Springer}
}

@book{furht2010handbook,
  title={Handbook of cloud computing},
  author={Furht, Borivoje and Escalante, Armando},
  volume={3},
  year={2010},
  publisher={Springer}
}

@book{gamma1995design,
  title={Design patterns: elements of reusable object-oriented software},
  author={Gamma, Erich},
  year={1995},
  publisher={Pearson Education India}
}

@book{awodey2010category,
  title={Category theory},
  author={Awodey, Steve},
  year={2010},
  publisher={Oxford University Press}
}

@book{borceux1994handbook,
  title={Handbook of Categorical Algebra I: Basic Category Theory (Encyclopedia of Mathematics and Its Applications)},
  author={Borceux, Francis},
  year={1994},
  publisher={Cambridge University Press}
}

@book{gowers2010princeton,
  title={The Princeton companion to mathematics},
  author={Gowers, Timothy and Barrow-Green, June and Leader, Imre},
  year={2010},
  publisher={Princeton University Press}
}

@book{cwalina2008framework,
  title={Framework design guidelines: conventions, idioms, and patterns for reusable. net libraries},
  author={Cwalina, Krzysztof and Abrams, Brad},
  year={2008},
  publisher={Pearson Education}
}

@book{scott1970outline,
  title={Outline of a mathematical theory of computation},
  author={Scott, Dana},
  year={1970},
  publisher={Oxford University Computing Laboratory, Programming Research Group}
}

@booklet{MS2010-RxDesign,
  title={{Rx Design Guidelines}},
  year={2010},
  month={October},
  howpublished={\url{http://go.microsoft.com/fwlink/?LinkID=205219}}
}

@techreport{elliottdenotational,
  title={Denotational design with type class morphisms (extended version)},
  author={Elliott, Conal},
  institution={Technical Report 2009-01, LambdaPix, March 2009. URL http://conal. net/papers/type-class-morphisms}
}

@unpublished{scopus-reactive,
  title = {{Scopus Search: Reactive Programming 1960-2016}},
  author = {{Scopus.com}},
  URL = {https://www.scopus.com/term/analyzer.uri?sid=8D459C2A355706128A63D4E0A6FDF986.WeLimyRvBMk2ky9SFKc8Q%3a290&origin=resultslist&src=s&s=TITLE-ABS-KEY%28reactive+AND+programming%29&sort=plf-f&sdt=b&sot=b&sl=39&count=4527&analyzeResults=Analyze+results&txGid=0}
}

@misc{newbern-monads,
  title= {{All About Monads}},
  author = {Jeff Newbern},
  howpublished = {\url{https://www.cs.rit.edu/~swm/cs561/All_About_Monads.pdf}}
}

@misc{pos-neg,
  title= {What's up with Contravariant?},
  author = {tel},
  howpublished = {\url{https://www.reddit.com/r/haskell/comments/1vc0mp/whats_up_with_contravariant/}}
}

@misc{pos-neg2,
  title= {{Covariance, contravariance, and positive and negative position}},
  author = {Commercial Haskell Group},
  howpublished = {\url{https://www.schoolofhaskell.com/user/commercial/content/covariance-contravariance}}
}

@misc{lift,
  title= {{Lifting}},
  author = {Haskell.org},
  howpublished = {\url{https://wiki.haskell.org/Lifting}}
}

@misc{haskellwiki,
  title= {{HaskellWiki}},
  author = {Haskell.org},
  howpublished = {\url{https://wiki.haskell.org}}
}

@misc{wiki:orthogonality,
  author = {Orthogonality},
  title = {{Orthogonality --- Wikipedia, The Free Encyclopedia}},
  year = {2016},
  howpublished = {\url{https://en.wikipedia.org/wiki/Orthogonality#Computer_science}}
}

@misc{reactive-manifesto,
  author={Jonas Boner, Dave Farley, Roland Kuhn and Martin Thompson},
  title={{Reactive Manifesto}},
  year={2014},
  howpublished = {\url{http://www.reactivemanifesto.org/}}
}

@misc{manifesto-vs-programming,
  author={Jonas Boner, Viktor Klang},
  title={{Reactive programming vs. Reactive systems}},
  year={2016},
  howpublished = {\url{https://www.oreilly.com/ideas/reactive-programming-vs-reactive-systems}}
}

@misc{rxjava-wiki,
  title={{RxJava - Wiki}},
  howpublished={\url{https://github.com/ReactiveX/RxJava/wiki}}
}

@misc{Rx.Net,
  title={{Rx (Reactive Extensions) on Codeplex}},
  howpublished = {\url{https://rx.codeplex.com/}}
}

@misc{ReactiveX,
  title={{ReactiveX, an API for asynchronous programming with observable streams}},
  howpublished = {\url{http://reactivex.io/}}
}

@misc{Reactive-Streams,
  title={{Reactive Streams}},
  howpublished={\url{http://www.reactive-streams.org/}}
}

@misc{meijer2014reactive,
  title={{Let Me Calculate That For You}},
  author={Meijer, Erik},
  year={2014},
  month={September},
  howpublished={Lambda Jam 2014, \url{https://www.youtube.com/watch?v=pOl4E8x3fmw}}
}

@misc{E2E-Rx,
  title={{Expert to Expert: Brian Beckman and Erik Meijer - Inside the .NET Reactive Framework (Rx)}},
  author={Meijer, Erik and Beckman, Brian},
  year={2009},
  month={July},
  howpublished={\url{https://channel9.msdn.com/Shows/Going+Deep/Expert-to-Expert-Brian-Beckman-and-Erik-Meijer-Inside-the-NET-Reactive-Framework-Rx}}
}

@misc{meijer2014-Duality-And-The-End-Of-Reactive,
  title={{Duality and the End of Reactive}},
  author={Meijer, Erik},
  year={2014},
  month={May},
  howpublished={Lang.NEXT 2014, \url{https://channel9.msdn.com/events/Lang-NEXT/Lang-NEXT-2014/Keynote-Duality}}
}  


@misc{elliott2014denotational,
  title={{Denotational Design}},
  author={Elliott, Conal},
  year={2015},
  month={October},
  howpublished={Lambda Jam 2015, \url{https://www.youtube.com/watch?v=bmKYiUOEo2A}}
}

@misc{elliott2015frp,
  title={{The Essence of FRP}},
  author={Elliott, Conal},
  year={2015},
  month={July},
  howpublished={\url{https://begriffs.com/posts/2015-07-22-essence-of-frp.html}}
}

@misc{gonzales2012pipes,
  title={{Pipes}},
  author={Gonzales, Gabriel},
  year={2012},
  howpublished={\url{https://github.com/Gabriel439/Haskell-Pipes-Library}}
}


@misc{capriotti2012contfrp,
  title={{Continuation-based relative-time FRP}},
  author={Capriotti, Paolo},
  year={2012},
  month={June},
  howpublished={\url{https://www.paolocapriotti.com/blog/2012/06/04/continuation-based-relative-time-frp/}}
}
