%% This BibTeX bibliography file was created using BibDesk.
%% http://bibdesk.sourceforge.net/

%% Saved with string encoding Unicode (UTF-8) 

@article{meijer2012your,
  title={Your mouse is a database},
  author={Meijer, Erik},
  journal={Queue},
  volume={10},
  number={3},
  pages={20},
  year={2012},
  publisher={ACM}
}

@unpublished{meijer2014reactive,
title= {Reactive Streams Keynote},
author = {Erik Meijer},
year = {2014},
note= {LambdaJam},
URL= {https://www.youtube.com/watch?v=pOl4E8x3fmw},
}

@book{furht2010handbook,
  title={Handbook of cloud computing},
  author={Furht, Borivoje and Escalante, Armando},
  volume={3},
  year={2010},
  publisher={Springer}
}

@article{laney20013d,
  title={3D data management: Controlling data volume, velocity and variety},
  author={Laney, Doug},
  journal={META Group Research Note},
  volume={6},
  pages={70},
  year={2001}
}

@incollection{fahland2009declarative,
  title={Declarative versus imperative process modeling languages: The issue of understandability},
  author={Fahland, Dirk and L{\"u}bke, Daniel and Mendling, Jan and Reijers, Hajo and Weber, Barbara and Weidlich, Matthias and Zugal, Stefan},
  booktitle={Enterprise, Business-Process and Information Systems Modeling},
  pages={353--366},
  year={2009},
  publisher={Springer}
}

@article{bainomugisha2013survey,
  title={A survey on reactive programming},
  author={Bainomugisha, Engineer and Carreton, Andoni Lombide and Cutsem, Tom van and Mostinckx, Stijn and Meuter, Wolfgang de},
  journal={ACM Computing Surveys (CSUR)},
  volume={45},
  number={4},
  pages={52},
  year={2013},
  publisher={ACM}
}

@article{berry1991reactive,
  title={The synchronous approach to reactive and real-time systems},
  author={Benveniste, Albert and Berry, G{\'e}rard},
  journal={Proceedings of the IEEE},
  volume={79},
  number={9},
  pages={1270--1282},
  year={1991},
  publisher={IEEE}
}

@misc{scopus-reactive,
  title = {Scopus Search: Reactive Programming 1960-2016},
  howpublished = {\url{https://www.scopus.com/term/analyzer.uri?sid=8D459C2A355706128A63D4E0A6FDF986.WeLimyRvBMk2ky9SFKc8Q%3a290&origin=resultslist&src=s&s=TITLE-ABS-KEY%28reactive+AND+programming%29&sort=plf-f&sdt=b&sot=b&sl=39&count=4527&analyzeResults=Analyze+results&txGid=0}}
}